web-scraper-order,web-scraper-start-url,products,products-href,product,desc,image-src,price,Detai1lDeal,Detail2Deal,Deal,save
"1660456739-449","https://shop.coles.com.au/a/national/specials/search/coles-weekly-specials?pageNumber=2","Sistema Klip It Plus Rectangle Container 400mL  on special half price","https://shop.coles.com.au/a/national/product/sistema-klip-it-plus-container-3793906p","Sistema","Klip It Plus Rectangle Container 400mL","/wcsstore/Coles-CAS/images/3/7/9/3793906.jpg","$
									1
									.62","$1.62 per 1Ea","null","Add
			
			Add
			1
			Sistema Klip It Plus Rectangle Container 400mL  on special half price
			for
			$1.62
			to the trolley.","save
										$1.63"
"1660456737-448","https://shop.coles.com.au/a/national/specials/search/coles-weekly-specials?pageNumber=2","Sistema Klip It Plus Rectangle Container 3.35 Litre  on special half price","https://shop.coles.com.au/a/national/product/sistema-klip-it-plus-container-3-35-litre","Sistema","Klip It Plus Rectangle Container 3.35 Litre","/wcsstore/Coles-CAS/images/3/7/9/3794465.jpg","$
									4
									.50","$4.50 per 1Ea","null","Add
			
			Add
			1
			Sistema Klip It Plus Rectangle Container 3.35 Litre  on special half price
			for
			$4.50
			to the trolley.","save
										$4.50"
"1660456761-457","https://shop.coles.com.au/a/national/specials/search/coles-weekly-specials?pageNumber=2","Coca-Cola No Sugar Soft Drink Multipack Bottles 12 x 300mL 12 pack on special","https://shop.coles.com.au/a/national/product/coca-cola-soft-drink-coke-zero-300ml-bottles","Coca-Cola","No Sugar Soft Drink Multipack Bottles 12 x 300mL","/wcsstore/Coles-CAS/images/1/4/9/1492374.jpg","$
									7
									.85","$2.18 per 1L","12 pack","Add
			
			Add
			1
			Coca-Cola No Sugar Soft Drink Multipack Bottles 12 x 300mL 12 pack on special
			for
			$7.85
			to the trolley.","save
										$7.85"
"1660456824-483","https://shop.coles.com.au/a/national/specials/search/coles-weekly-specials?pageNumber=2","Harpic Fresh Power Marine Splash Toilet Cleaner 700mL on special","https://shop.coles.com.au/a/national/product/harpic-fresh-power-toilet-cleaner-marine-splash","Harpic","Fresh Power Marine Splash Toilet Cleaner","/wcsstore/Coles-CAS/images/3/0/3/3035045.jpg","$
									3
									.00","$0.43 per 100mL","700mL","Add
			
			Add
			1
			Harpic Fresh Power Marine Splash Toilet Cleaner 700mL on special
			for
			$3.00
			to the trolley.","save
										$3.00"
"1660456772-462","https://shop.coles.com.au/a/national/specials/search/coles-weekly-specials?pageNumber=2","Poppin Butter Microwave Popcorn 400g on special half price","https://shop.coles.com.au/a/national/product/greens-poppin-popcorn-butter-microwave","Poppin","Butter Microwave Popcorn","/wcsstore/Coles-CAS/images/8/9/9/8997153.jpg","$
									3
									.07","$0.77 per 100G","400g","Add
			
			Add
			1
			Poppin Butter Microwave Popcorn 400g on special half price
			for
			$3.07
			to the trolley.","save
										$3.23"
"1660456790-469","https://shop.coles.com.au/a/national/specials/search/coles-weekly-specials?pageNumber=2","Sprite No Sugar Lemonade Soft Drink Multipack Bottles 12x300mL 12 pack on special","https://shop.coles.com.au/a/national/product/part_5192838P","Sprite","No Sugar Lemonade Soft Drink Multipack Bottles 12x300mL","/wcsstore/Coles-CAS/images/5/1/9/5192838.jpg","$
									7
									.85","$2.18 per 1L","12 pack","null","save
										$7.85"
"1660456828-485","https://shop.coles.com.au/a/national/specials/search/coles-weekly-specials?pageNumber=2","Steggles Frozen Southern Style Chicken Breast Tenders 400g on special","https://shop.coles.com.au/a/national/product/steggles-chicken-tenders-southern-style","Steggles","Frozen Southern Style Chicken Breast Tenders","/wcsstore/Coles-CAS/images/2/7/1/2719963.jpg","$
									4
									.75","$11.88 per 1Kg","400g","Add
			
			Add
			1
			Steggles Frozen Southern Style Chicken Breast Tenders 400g on special
			for
			$4.75
			to the trolley.","save
										$5.25"
"1660456746-451","https://shop.coles.com.au/a/national/specials/search/coles-weekly-specials?pageNumber=2","Finish Quantum Ultimate Pro Baking Soda 32 pack on special","https://shop.coles.com.au/a/national/product/finish-quantum-ultimate-pro-baking-soda","Finish","Quantum Ultimate Pro Baking Soda","/wcsstore/Coles-CAS/images/3/7/0/3701012.jpg","$
									18
									.00","$0.56 per 1Ea","32 pack","Add
			
			Add
			1
			Finish Quantum Ultimate Pro Baking Soda 32 pack on special
			for
			$18.00
			to the trolley.","save
										$18.00"
"1660456838-489","https://shop.coles.com.au/a/national/specials/search/coles-weekly-specials?pageNumber=2","Palmolive Aloe Vera Liquid Hand Wash 250mL on special","https://shop.coles.com.au/a/national/product/palmolive-hand-wash-liquid-softwash-aloe-vera-pump","Palmolive","Aloe Vera Liquid Hand Wash","/wcsstore/Coles-CAS/images/3/9/4/394880.jpg","$
									1
									.50","$0.60 per 100mL","250mL","Add
			
			Add
			1
			Palmolive Aloe Vera Liquid Hand Wash 250mL on special
			for
			$1.50
			to the trolley.","save
										$1.50"
"1660456749-452","https://shop.coles.com.au/a/national/specials/search/coles-weekly-specials?pageNumber=2","Colgate Total Advanced Fresh Multi Benefit Toothpaste 200g on special","https://shop.coles.com.au/a/national/product/colgate-total-advanced-fresh-toothpaste","Colgate","Total Advanced Fresh Multi Benefit Toothpaste","/wcsstore/Coles-CAS/images/3/4/0/3400912.jpg","$
									5
									.00","$2.50 per 100G","200g","Add
			
			Add
			1
			Colgate Total Advanced Fresh Multi Benefit Toothpaste 200g on special
			for
			$5.00
			to the trolley.","save
										$5.00"
"1660456782-466","https://shop.coles.com.au/a/national/specials/search/coles-weekly-specials?pageNumber=2","The Spice Tailor Delicate Korma Curry 300g on special","https://shop.coles.com.au/a/national/product/the-spice-tailor-sauce-curry-delicate-korma","The Spice Tailor","Delicate Korma Curry","/wcsstore/Coles-CAS/images/1/3/3/1330168.jpg","$
									2
									.90","$0.97 per 100G","300g","null","save
										$2.90"
"1660456816-480","https://shop.coles.com.au/a/national/specials/search/coles-weekly-specials?pageNumber=2","Harpic Turquoise Power 6 Tropical Lagoon Scent 39g on special","https://shop.coles.com.au/a/national/product/harpic-itb-toilet-cleaner-turquoise-power","Harpic","Turquoise Power 6 Tropical Lagoon Scent","/wcsstore/Coles-CAS/images/3/2/2/3224944.jpg","$
									3
									.00","$7.69 per 100G","39g","null","save
										$3.00"
"1660456794-471","https://shop.coles.com.au/a/national/specials/search/coles-weekly-specials?pageNumber=2","Rimmel Kind & Free Foundation Vanilla 30mL on special half price","https://shop.coles.com.au/a/national/product/foundation-vanilla","Rimmel","Kind & Free Foundation Vanilla","/wcsstore/Coles-CAS/images/4/8/1/4819620.jpg","$
									10
									.00","$3.33 per 10mL","30mL","Add
			
			Add
			1
			Rimmel Kind & Free Foundation Vanilla 30mL on special half price
			for
			$10.00
			to the trolley.","save
										$10.00"
"1660456809-477","https://shop.coles.com.au/a/national/specials/search/coles-weekly-specials?pageNumber=2","Air Wick Essential Oils Candle Berry Blossom 1 pack on special","https://shop.coles.com.au/a/national/product/air-wick-essential-oils-candle-mountain-berry","Air Wick","Essential Oils Candle Berry Blossom","/wcsstore/Coles-CAS/images/3/4/1/3413437.jpg","$
									3
									.00","$3.00 per 1Ea","1 pack","Add
			
			Add
			1
			Air Wick Essential Oils Candle Berry Blossom 1 pack on special
			for
			$3.00
			to the trolley.","save
										$3.00"
"1660456785-467","https://shop.coles.com.au/a/national/specials/search/coles-weekly-specials?pageNumber=2","Peckish Sour Cream & Chives Rice Crackers 100g on special half price","https://shop.coles.com.au/a/national/product/peckish-rice-crackers-sour-cream-chives","Peckish","Sour Cream & Chives Rice Crackers","/wcsstore/Coles-CAS/images/9/9/9/9999358.jpg","$
									1
									.25","$1.25 per 100G","100g","Add
			
			Add
			1
			Peckish Sour Cream & Chives Rice Crackers 100g on special half price
			for
			$1.25
			to the trolley.","save
										$1.25"
"1660456777-464","https://shop.coles.com.au/a/national/specials/search/coles-weekly-specials?pageNumber=2","Green & Blacks Organic Maya Gold Spiced Orange Block Chocolate 90g on special half price","https://shop.coles.com.au/a/national/product/maya-gold-spiced-orange","Green & Blacks","Organic Maya Gold Spiced Orange Block Chocolate","/wcsstore/Coles-CAS/images/5/1/0/5100261.jpg","$
									2
									.25","$2.50 per 100G","90g","null","save
										$2.25"
"1660456768-460","https://shop.coles.com.au/a/national/specials/search/coles-weekly-specials?pageNumber=2","Babylove Unisex Stretchy Walker Nappy Pants 12-17 Kg Size 5 25 pack on special","https://shop.coles.com.au/a/national/product/babylove-nappy-pants-walker","Babylove","Unisex Stretchy Walker Nappy Pants 12-17 Kg Size 5","/wcsstore/Coles-CAS/images/1/0/0/1007071.jpg","$
									9
									.00","$0.36 per 1Ea","25 pack","Add
			
			Add
			1
			Babylove Unisex Stretchy Walker Nappy Pants 12-17 Kg Size 5 25 pack on special
			for
			$9.00
			to the trolley.","save
										$9.00"
"1660456831-486","https://shop.coles.com.au/a/national/specials/search/coles-weekly-specials?pageNumber=2","Colgate Plax Peppermint Dental Mouthwash 500mL on special","https://shop.coles.com.au/a/national/product/plax-peppermint-dental-rinse","Colgate","Plax Peppermint Dental Mouthwash","/wcsstore/Coles-CAS/images/7/1/9/7190174.jpg","$
									3
									.50","$0.70 per 100mL","500mL","Add
			
			Add
			1
			Colgate Plax Peppermint Dental Mouthwash 500mL on special
			for
			$3.50
			to the trolley.","save
										$3.50"
"1660456811-478","https://shop.coles.com.au/a/national/specials/search/coles-weekly-specials?pageNumber=2","Simple Kind To Skin Biodegradable Facial Wipes 25 Pack on special half price","https://shop.coles.com.au/a/national/product/simple-kind-skin-facial-wipes-biodegradable","Simple","Kind To Skin Biodegradable Facial Wipes","/wcsstore/Coles-CAS/images/3/4/4/3445499.jpg","$
									4
									.00","$0.16 per 1Ea","25 Pack","Add
			
			Add
			1
			Simple Kind To Skin Biodegradable Facial Wipes 25 Pack on special half price
			for
			$4.00
			to the trolley.","save
										$4.00"
"1660456779-465","https://shop.coles.com.au/a/national/specials/search/coles-weekly-specials?pageNumber=2","Harpic Scent Of Adventure In Bowl Toilet Cleaner Blueberry  on special","https://shop.coles.com.au/a/national/product/itb-blueberry","Harpic","Scent Of Adventure In Bowl Toilet Cleaner Blueberry","/wcsstore/Coles-CAS/images/5/1/4/5145645.jpg","$
									3
									.00","$3.00 per 1Ea","null","null","save
										$3.00"
"1660456775-463","https://shop.coles.com.au/a/national/specials/search/coles-weekly-specials?pageNumber=2","Nice & Natural Thins Double Chocolate 6 pack on special half price","https://shop.coles.com.au/a/national/product/double-chocolate-6pk","Nice & Natural","Thins Double Chocolate","/wcsstore/Coles-CAS/images/5/1/5/5153600.jpg","$
									2
									.85","$0.48 per 1Ea","6 pack","null","save
										$2.90"
"1660456801-474","https://shop.coles.com.au/a/national/specials/search/coles-weekly-specials?pageNumber=2","NRG Super Alkaline AAA 24 pack on special half price","https://shop.coles.com.au/a/national/product/nrg-super-alkaline-a-24-pack-3858637p","NRG","Super Alkaline AAA","/wcsstore/Coles-CAS/images/3/8/5/3858637.jpg","$
									13
									.00","$0.54 per 1Ea","24 pack","Add
			
			Add
			1
			NRG Super Alkaline AAA 24 pack on special half price
			for
			$13.00
			to the trolley.","save
										$13.00"
"1660456754-454","https://shop.coles.com.au/a/national/specials/search/coles-weekly-specials?pageNumber=2","Sukin Signature Facial Moisturiser Pump 125mL on special half price","https://shop.coles.com.au/a/national/product/sukin-facial-moisturiser-pump","Sukin","Signature Facial Moisturiser Pump","/wcsstore/Coles-CAS/images/2/9/9/2994458.jpg","$
									7
									.50","$6.00 per 100mL","125mL","Add
			
			Add
			1
			Sukin Signature Facial Moisturiser Pump 125mL on special half price
			for
			$7.50
			to the trolley.","save
										$7.50"
"1660456758-456","https://shop.coles.com.au/a/national/specials/search/coles-weekly-specials?pageNumber=2","Biozet Attack Regular Powder 2kg on special","https://shop.coles.com.au/a/national/product/biozet-attack-front-top-loader-laundry-powder","Biozet Attack","Regular Powder","/wcsstore/Coles-CAS/images/2/5/9/2597877.jpg","$
									11
									.00","$5.50 per 1Kg","2kg","Add
			
			Add
			1
			Biozet Attack Regular Powder 2kg on special
			for
			$11.00
			to the trolley.","save
										$9.00"
"1660456826-484","https://shop.coles.com.au/a/national/specials/search/coles-weekly-specials?pageNumber=2","Kinder Bueno White Chocolate Bar 39g on special","https://shop.coles.com.au/a/national/product/kinder-bueno-white","Kinder","Bueno White Chocolate Bar","/wcsstore/Coles-CAS/images/2/8/7/2877432.jpg","$
									1
									.00","$2.56 per 100G","39g","Add
			
			Add
			1
			Kinder Bueno White Chocolate Bar 39g on special
			for
			$1.00
			to the trolley.","save
										$1.00"
"1660456819-481","https://shop.coles.com.au/a/national/specials/search/coles-weekly-specials?pageNumber=2","Toni & Guy Purple Conditioner 250mL on special half price","https://shop.coles.com.au/a/national/product/toni-guy-conditioner-purple","Toni & Guy","Purple Conditioner","/wcsstore/Coles-CAS/images/3/1/5/3157712.jpg","$
									9
									.50","$3.80 per 100mL","250mL","Add
			
			Add
			1
			Toni & Guy Purple Conditioner 250mL on special half price
			for
			$9.50
			to the trolley.","save
										$9.50"
"1660456766-459","https://shop.coles.com.au/a/national/specials/search/coles-weekly-specials?pageNumber=2","Bulla Frozen Icecream Vanilla Cream Choc Bars 10 Pack 768mL on special","https://shop.coles.com.au/a/national/product/bulla-ice-cream-choc-bars-vanilla-768ml","Bulla","Frozen Icecream Vanilla Cream Choc Bars 10 Pack","/wcsstore/Coles-CAS/images/5/9/3/5938974.jpg","$
									3
									.75","$0.49 per 100mL","768mL","Add
			
			Add
			1
			Bulla Frozen Icecream Vanilla Cream Choc Bars 10 Pack 768mL on special
			for
			$3.75
			to the trolley.","save
										$3.75"
"1660456763-458","https://shop.coles.com.au/a/national/specials/search/coles-weekly-specials?pageNumber=2","The Spice Tailor Original Tikka Masala 300g on special","https://shop.coles.com.au/a/national/product/the-spice-tailor-sauce-curry-original-tikka-masala","The Spice Tailor","Original Tikka Masala","/wcsstore/Coles-CAS/images/1/3/3/1330204.jpg","$
									2
									.90","$0.97 per 100G","300g","Add
			
			Add
			1
			The Spice Tailor Original Tikka Masala 300g on special
			for
			$2.90
			to the trolley.","save
										$2.90"
"1660456787-468","https://shop.coles.com.au/a/national/specials/search/coles-weekly-specials?pageNumber=2","Bulla Murray Street Vanilla & Boysenberry Swirl 1L on special","https://shop.coles.com.au/a/national/product/van-boysenberry-swirl","Bulla","Murray Street Vanilla & Boysenberry Swirl","/wcsstore/Coles-CAS/images/5/3/6/5363624.jpg","$
									6
									.00","$0.60 per 100mL","1L","null","save
										$6.00"
"1660456751-453","https://shop.coles.com.au/a/national/specials/search/coles-weekly-specials?pageNumber=2","Morning Fresh Raspberry & Crisp Apple Dishwashing Liquid 900mL on special","https://shop.coles.com.au/a/national/product/morning-fresh-dishwashing-liquid-raspberry-crisp-ap","Morning Fresh","Raspberry & Crisp Apple Dishwashing Liquid","/wcsstore/Coles-CAS/images/3/2/0/3208890.jpg","$
									4
									.50","$0.50 per 100mL","900mL","Add
			
			Add
			1
			Morning Fresh Raspberry & Crisp Apple Dishwashing Liquid 900mL on special
			for
			$4.50
			to the trolley.","save
										$4.50"
"1660456770-461","https://shop.coles.com.au/a/national/specials/search/coles-weekly-specials?pageNumber=2","Arnott's Mini Chocolate Wagon Wheels 190g on special half price","https://shop.coles.com.au/a/national/product/arnotts-biscuits-wagon-wheels-mini-chocolate","Arnott's","Mini Chocolate Wagon Wheels","/wcsstore/Coles-CAS/images/8/7/0/8707049.jpg","$
									2
									.00","$1.05 per 100G","190g","Add
			
			Add
			1
			Arnott's Mini Chocolate Wagon Wheels 190g on special half price
			for
			$2.00
			to the trolley.","save
										$2.00"
"1660456821-482","https://shop.coles.com.au/a/national/specials/search/coles-weekly-specials?pageNumber=2","Naturopathica Fat Blaster Less Sugar Vanilla Shake 430g on special","https://shop.coles.com.au/a/national/product/naturopathica-fat-blaster-less-sugar-vanilla-shake","Naturopathica","Fat Blaster Less Sugar Vanilla Shake","/wcsstore/Coles-CAS/images/3/1/3/3139200.jpg","$
									11
									.00","$2.56 per 100G","430g","Add
			
			Add
			1
			Naturopathica Fat Blaster Less Sugar Vanilla Shake 430g on special
			for
			$11.00
			to the trolley.","save
										$11.00"
"1660456799-473","https://shop.coles.com.au/a/national/specials/search/coles-weekly-specials?pageNumber=2","Palmolive Naturals Active Nourishment Conditioner 350mL on special half price","https://shop.coles.com.au/a/national/product/conditioner-act-nourish","Palmolive","Naturals Active Nourishment Conditioner","/wcsstore/Coles-CAS/images/3/9/7/3978570.jpg","$
									2
									.25","$0.64 per 100mL","350mL","Add
			
			Add
			1
			Palmolive Naturals Active Nourishment Conditioner 350mL on special half price
			for
			$2.25
			to the trolley.","null"
"1660456792-470","https://shop.coles.com.au/a/national/specials/search/coles-weekly-specials?pageNumber=2","People Hydrate Conditioner 350mL on special half price","https://shop.coles.com.au/a/national/product/hydrate-4957838p-1","People","Hydrate Conditioner","/wcsstore/Coles-CAS/images/4/9/5/4957838.jpg","$
									8
									.00","$2.29 per 100mL","350mL","Add
			
			Add
			1
			People Hydrate Conditioner 350mL on special half price
			for
			$8.00
			to the trolley.","save
										$8.00"
"1660456804-475","https://shop.coles.com.au/a/national/specials/search/coles-weekly-specials?pageNumber=2","Sukin Lime & Coconut Cleansing Hand Wash 500mL on special half price","https://shop.coles.com.au/a/national/product/sukin-hand-wash-lime-coconut","Sukin","Lime & Coconut Cleansing Hand Wash","/wcsstore/Coles-CAS/images/3/5/5/3552149.jpg","$
									4
									.97","$0.99 per 100mL","500mL","null","save
										$6.03"
"1660456735-447","https://shop.coles.com.au/a/national/specials/search/coles-weekly-specials?pageNumber=2","Schwarzkopf Brilliance L43 Smouldering Red 1 pack on special half price","https://shop.coles.com.au/a/national/product/l43-smouldering-red","Schwarzkopf","Brilliance L43 Smouldering Red","/wcsstore/Coles-CAS/images/4/2/5/4256334.jpg","$
									9
									.00","$9.00 per 1Ea","1 pack","Add
			
			Add
			1
			Schwarzkopf Brilliance L43 Smouldering Red 1 pack on special half price
			for
			$9.00
			to the trolley.","save
										$9.00"
"1660456814-479","https://shop.coles.com.au/a/national/specials/search/coles-weekly-specials?pageNumber=2","Colgate Multi Benefit Advanced Whitening Toothpaste 200g on special","https://shop.coles.com.au/a/national/product/colgate-total-advanced-whitening-toothpaste","Colgate","Multi Benefit Advanced Whitening Toothpaste","/wcsstore/Coles-CAS/images/3/4/0/3400956.jpg","$
									5
									.00","$2.50 per 100G","200g","Add
			
			Add
			1
			Colgate Multi Benefit Advanced Whitening Toothpaste 200g on special
			for
			$5.00
			to the trolley.","save
										$5.00"
"1660456797-472","https://shop.coles.com.au/a/national/specials/search/coles-weekly-specials?pageNumber=2","Glow Lab Citrus & Bergamot Body Wash 900mL on special","https://shop.coles.com.au/a/national/product/coconut-vanilla","Glow Lab","Citrus & Bergamot Body Wash","/wcsstore/Coles-CAS/images/4/3/0/4309714.jpg","$
									9
									.00","$1.00 per 100mL","900mL","Add
			
			Add
			1
			Glow Lab Citrus & Bergamot Body Wash 900mL on special
			for
			$9.00
			to the trolley.","save
										$9.00"
"1660456732-446","https://shop.coles.com.au/a/national/specials/search/coles-weekly-specials?pageNumber=2","Schwarzkopf Extra Care Marrakesh Oil & Coconut Replenishing Conditioner 950mL on special half price","https://shop.coles.com.au/a/national/product/marrakesh-conditioner","Schwarzkopf","Extra Care Marrakesh Oil & Coconut Replenishing Conditioner","/wcsstore/Coles-CAS/images/4/4/5/4453834.jpg","$
									9
									.50","$1.00 per 100mL","950mL","Add
			
			Add
			1
			Schwarzkopf Extra Care Marrakesh Oil & Coconut Replenishing Conditioner 950mL on special half price
			for
			$9.50
			to the trolley.","save
										$9.50"
"1660456833-487","https://shop.coles.com.au/a/national/specials/search/coles-weekly-specials?pageNumber=2","Morning Fresh Original Dishwashing Liquid 900mL on special","https://shop.coles.com.au/a/national/product/morning-fresh-dishwashing-liquid-super-concentrate-original-fresh-9736075p","Morning Fresh","Original Dishwashing Liquid","/wcsstore/Coles-CAS/images/9/7/3/9736075.jpg","$
									4
									.50","$0.50 per 100mL","900mL","Add
			
			Add
			1
			Morning Fresh Original Dishwashing Liquid 900mL on special
			for
			$4.50
			to the trolley.","save
										$4.50"
"1660456807-476","https://shop.coles.com.au/a/national/specials/search/coles-weekly-specials?pageNumber=2","Green & Black's Organic Milk Chocolate Block 90g on special half price","https://shop.coles.com.au/a/national/product/green-blacks-block-choc-organic-milk","Green & Black's","Organic Milk Chocolate Block","/wcsstore/Coles-CAS/images/3/5/0/3506786.jpg","$
									2
									.25","$2.50 per 100G","90g","Add
			
			Add
			1
			Green & Black's Organic Milk Chocolate Block 90g on special half price
			for
			$2.25
			to the trolley.","save
										$2.25"
"1660456742-450","https://shop.coles.com.au/a/national/specials/search/coles-weekly-specials?pageNumber=2","Cold Power Advanced Clean Laundry Powder 2kg on special","https://shop.coles.com.au/a/national/product/cold-power-laundry-powder-advanced-clean","Cold Power","Advanced Clean Laundry Powder","/wcsstore/Coles-CAS/images/3/7/7/3774923.jpg","$
									9
									.75","$4.88 per 1Kg","2kg","Add
			
			Add
			1
			Cold Power Advanced Clean Laundry Powder 2kg on special
			for
			$9.75
			to the trolley.","save
										$9.75"
"1660456756-455","https://shop.coles.com.au/a/national/specials/search/coles-weekly-specials?pageNumber=2","Steggles Frozen Sweet Chilli Chicken Breast Tenders 400g on special","https://shop.coles.com.au/a/national/product/steggles-chicken-tenders-sweet-chilli","Steggles","Frozen Sweet Chilli Chicken Breast Tenders","/wcsstore/Coles-CAS/images/2/7/1/2719952.jpg","$
									4
									.75","$11.88 per 1Kg","400g","null","save
										$5.25"
"1660456835-488","https://shop.coles.com.au/a/national/specials/search/coles-weekly-specials?pageNumber=2","Vaseline Intensive Care Aloe Soothe Body Lotion 750mL on special half price","https://shop.coles.com.au/a/national/product/vaseline-lotion-aloe-fresh-hydrating-value-pack","Vaseline","Intensive Care Aloe Soothe Body Lotion","/wcsstore/Coles-CAS/images/9/8/3/9831892.jpg","$
									7
									.25","$0.97 per 100mL","750mL","Add
			
			Add
			1
			Vaseline Intensive Care Aloe Soothe Body Lotion 750mL on special half price
			for
			$7.25
			to the trolley.","save
										$7.05"
