product,deal,price,span,url,img,store,state,postcode
San Remo No. 35 Elbows, 500 Gram, $2.30,$2.30 was $2.95$0.46/100g,https://new.igashop.com.au/sm/pickup/rsid/52511/product/san-remo-no-35-elbows-46399,"https://cdn.metcash.media/image/upload/w_1500,h_1500,c_pad,b_auto/igashop/images/46399.jpg",IGA,NSW,2060
San Remo No. 4 Thin Spaghetti, 500 Gram, $2.30,$2.30 was $2.95$0.46/100g,https://new.igashop.com.au/sm/pickup/rsid/52511/product/san-remo-no-4-thin-spaghetti-353796,"https://cdn.metcash.media/image/upload/w_1500,h_1500,c_pad,b_auto/igashop/images/353796.jpg",IGA,NSW,2060
San Remo No. 5 Spaghetti, 500 Gram, $2.30,$2.30 was $2.95$0.46/100g,https://new.igashop.com.au/sm/pickup/rsid/52511/product/san-remo-no-5-spaghetti-46797,"https://cdn.metcash.media/image/upload/w_1500,h_1500,c_pad,b_auto/igashop/images/46797.jpg",IGA,NSW,2060
San Remo No. 53 Large Spirals, 500 Gram, $2.30,$2.30 was $2.95$0.46/100g,https://new.igashop.com.au/sm/pickup/rsid/52511/product/san-remo-no-53-large-spirals-352601,"https://cdn.metcash.media/image/upload/w_1500,h_1500,c_pad,b_auto/igashop/images/352601.jpg",IGA,NSW,2060
San Remo No.23 Bowties, 500 Gram, $2.30,$2.30 was $2.95$0.46/100g,https://new.igashop.com.au/sm/pickup/rsid/52511/product/san-remo-no23-bowties-13998,"https://cdn.metcash.media/image/upload/w_1500,h_1500,c_pad,b_auto/igashop/images/13998.jpg",IGA,NSW,2060
San Remo Orecchiette No 43, 500 Gram, $2.30,$2.30 was $2.95$0.46/100g,https://new.igashop.com.au/sm/pickup/rsid/52511/product/san-remo-orecchiette-no-43-417215,"https://cdn.metcash.media/image/upload/w_1500,h_1500,c_pad,b_auto/igashop/images/417215.jpg",IGA,NSW,2060
San Remo Ready Pasta Fully Cooked Spaghetti, 250 Gram, $2.30,$2.30 was $2.95$0.92/100g,https://new.igashop.com.au/sm/pickup/rsid/52511/product/san-remo-ready-pasta-fully-cooked-spaghetti-421599,"https://cdn.metcash.media/image/upload/w_1500,h_1500,c_pad,b_auto/igashop/images/421599.jpg",IGA,NSW,2060
San Remo Risoni Pasta, 500 Gram, $2.30,$2.30 was $2.95$0.46/100g,https://new.igashop.com.au/sm/pickup/rsid/52511/product/san-remo-risoni-pasta-25571,"https://cdn.metcash.media/image/upload/w_1500,h_1500,c_pad,b_auto/igashop/images/25571.jpg",IGA,NSW,2060
San Remo Shells Large Pasta No 29, 500 Gram, $2.30,$2.30 was $2.95$0.46/100g,https://new.igashop.com.au/sm/pickup/rsid/52511/product/san-remo-shells-large-pasta-no-29-361367,"https://cdn.metcash.media/image/upload/w_1500,h_1500,c_pad,b_auto/igashop/images/361367.jpg",IGA,NSW,2060
San Remo Shells Small Pasta No 28, 500 Gram, $2.30,$2.30 was $2.95$0.46/100g,https://new.igashop.com.au/sm/pickup/rsid/52511/product/san-remo-shells-small-pasta-no-28-353754,"https://cdn.metcash.media/image/upload/w_1500,h_1500,c_pad,b_auto/igashop/images/353754.jpg",IGA,NSW,2060
San Remo Short Cut Angel Hair No 141, 500 Gram, $2.30,$2.30 was $2.95$0.46/100g,https://new.igashop.com.au/sm/pickup/rsid/52511/product/san-remo-short-cut-angel-hair-no-141-496837,"https://cdn.metcash.media/image/upload/w_1500,h_1500,c_pad,b_auto/igashop/images/496837.jpg",IGA,NSW,2060
San Remo Spaghetti Angel Hair Pasta No 9, 500 Gram, $2.30,$2.30 was $2.95$0.46/100g,https://new.igashop.com.au/sm/pickup/rsid/52511/product/san-remo-spaghetti-angel-hair-pasta-no-9-393924,"https://cdn.metcash.media/image/upload/w_1500,h_1500,c_pad,b_auto/igashop/images/393924.jpg",IGA,NSW,2060
San Remo Spaghetti Egg Pasta, 500 Gram, $2.30,$2.30 was $2.95$0.46/100g,https://new.igashop.com.au/sm/pickup/rsid/52511/product/san-remo-spaghetti-egg-pasta-457825,"https://cdn.metcash.media/image/upload/w_1500,h_1500,c_pad,b_auto/igashop/images/457825.jpg",IGA,NSW,2060
San Remo Spaghetti Instant Pasta No 3, 500 Gram, $2.30,$2.30 was $2.95$0.46/100g,https://new.igashop.com.au/sm/pickup/rsid/52511/product/san-remo-spaghetti-instant-pasta-no-3-361391,"https://cdn.metcash.media/image/upload/w_1500,h_1500,c_pad,b_auto/igashop/images/361391.jpg",IGA,NSW,2060
San Remo Spaghetti Wholemeal Pasta, 500 Gram, $2.30,$2.30 was $2.95$0.46/100g,https://new.igashop.com.au/sm/pickup/rsid/52511/product/san-remo-spaghetti-wholemeal-pasta-43684,"https://cdn.metcash.media/image/upload/w_1500,h_1500,c_pad,b_auto/igashop/images/43684.jpg",IGA,NSW,2060
San Remo Spinach Fettuccine No 13, 500 Gram, $2.30,$2.30 was $2.95$0.46/100g,https://new.igashop.com.au/sm/pickup/rsid/52511/product/san-remo-spinach-fettuccine-no-13-30932,"https://cdn.metcash.media/image/upload/w_1500,h_1500,c_pad,b_auto/igashop/images/30932.jpg",IGA,NSW,2060
San Remo Thick Spaghetti, 500 Gram, $2.30,$2.30 was $2.95$0.46/100g,https://new.igashop.com.au/sm/pickup/rsid/52511/product/san-remo-thick-spaghetti-24818,"https://cdn.metcash.media/image/upload/w_1500,h_1500,c_pad,b_auto/igashop/images/24818.jpg",IGA,NSW,2060
San Remo Trivelle Pasta, 500 Gram, $2.30,$2.30 was $2.95$0.46/100g,https://new.igashop.com.au/sm/pickup/rsid/52511/product/san-remo-trivelle-pasta-393916,"https://cdn.metcash.media/image/upload/w_1500,h_1500,c_pad,b_auto/igashop/images/393916.jpg",IGA,NSW,2060
San Remo Tubular Spaghetti No 6, 500 Gram, $2.30,$2.30 was $2.95$0.46/100g,https://new.igashop.com.au/sm/pickup/rsid/52511/product/san-remo-tubular-spaghetti-no-6-43707,"https://cdn.metcash.media/image/upload/w_1500,h_1500,c_pad,b_auto/igashop/images/43707.jpg",IGA,NSW,2060
San Remo Vegeroni Large Spirals No 122, 375 Gram, $2.30,$2.30 was $2.95$0.61/100g,https://new.igashop.com.au/sm/pickup/rsid/52511/product/san-remo-vegeroni-large-spirals-no-122-393788,"https://cdn.metcash.media/image/upload/w_1500,h_1500,c_pad,b_auto/igashop/images/393788.jpg",IGA,NSW,2060
San Remo Vegeroni Spirals No 121, 375 Gram, $2.30,$2.30 was $2.95$0.61/100g,https://new.igashop.com.au/sm/pickup/rsid/52511/product/san-remo-vegeroni-spirals-no-121-424806,"https://cdn.metcash.media/image/upload/w_1500,h_1500,c_pad,b_auto/igashop/images/424806.jpg",IGA,NSW,2060
San Remo Zita Penne No 20, 500 Gram, $2.30,$2.30 was $2.95$0.46/100g,https://new.igashop.com.au/sm/pickup/rsid/52511/product/san-remo-zita-penne-no-20-415792,"https://cdn.metcash.media/image/upload/w_1500,h_1500,c_pad,b_auto/igashop/images/415792.jpg",IGA,NSW,2060
Sara Lee Carrot Cake, 400 Gram, $5.50,$5.50 was $6.25$1.38/100g,https://new.igashop.com.au/sm/pickup/rsid/52511/product/sara-lee-carrot-cake-109139,"https://cdn.metcash.media/image/upload/w_1500,h_1500,c_pad,b_auto/igashop/images/109139.jpg",IGA,NSW,2060
Sard Power Stain Remover Powder Soaker, 2 Kilogram, $8.00,$8.00 was $12.00$4.00/kg,https://new.igashop.com.au/sm/pickup/rsid/52511/product/sard-power-stain-remover-powder-soaker-677967,"https://cdn.metcash.media/image/upload/w_1500,h_1500,c_pad,b_auto/igashop/images/677967.jpg",IGA,NSW,2060
Sard Super Power Stain Remover Powder Soaker, 1.8 Kilogram, $8.00,$8.00 was $12.00$4.44/kg,https://new.igashop.com.au/sm/pickup/rsid/52511/product/sard-super-power-stain-remover-powder-soaker-677925,"https://cdn.metcash.media/image/upload/w_1500,h_1500,c_pad,b_auto/igashop/images/677925.jpg",IGA,NSW,2060
Sard Whitening Stain Remover Powder Soaker, 2 Kilogram, $8.00,$8.00 was $12.00$4.00/kg,https://new.igashop.com.au/sm/pickup/rsid/52511/product/sard-whitening-stain-remover-powder-soaker-678117,"https://cdn.metcash.media/image/upload/w_1500,h_1500,c_pad,b_auto/igashop/images/678117.jpg",IGA,NSW,2060
Schick Extreme 3 Womens Sensitive Disposable Razor, 4 Each, $5.00,$5.00 was $5.50$1.25 each,https://new.igashop.com.au/sm/pickup/rsid/52511/product/schick-extreme-3-womens-sensitive-disposable-razor-190000002950,"https://cdn.metcash.media/image/upload/w_1500,h_1500,c_pad,b_auto/igashop/images/190000002950.jpg",IGA,NSW,2060
Schick Xtreme 3 Sensitive Disposables for Women, 4 Each, $5.00,$5.00 was $5.50$1.25 each,https://new.igashop.com.au/sm/pickup/rsid/52511/product/schick-xtreme-3-sensitive-disposables-for-women-323393,"https://cdn.metcash.media/image/upload/w_1500,h_1500,c_pad,b_auto/igashop/images/323393.jpg",IGA,NSW,2060
Schwarzkopf Perfect Mousse 4.65 Chocolate Brown, 1 Each, $11.50,$11.50 was $15.00,https://new.igashop.com.au/sm/pickup/rsid/52511/product/schwarzkopf-perfect-mousse-465-chocolate-brown-66051,"https://cdn.metcash.media/image/upload/w_1500,h_1500,c_pad,b_auto/igashop/images/66051.jpg",IGA,NSW,2060
Schweppes Classic Mixers Bitter Lemon 300ml, 4 Each, $5.00,$5.00 was $6.20$1.25 each,https://new.igashop.com.au/sm/pickup/rsid/52511/product/schweppes-classic-mixers-bitter-lemon-300ml-460381,"https://cdn.metcash.media/image/upload/w_1500,h_1500,c_pad,b_auto/igashop/images/460381.jpg",IGA,NSW,2060
