product,deal,price,span,url,img,store,state,postcode
Tip Top Hamburger Buns, 6 Each, $4.30,$4.30 was $5.90$0.72 each,https://new.igashop.com.au/sm/pickup/rsid/52511/product/tip-top-hamburger-buns-468795,"https://cdn.metcash.media/image/upload/w_1500,h_1500,c_pad,b_auto/igashop/images/468795.jpg",IGA,NSW,2060
Tip Top Muffins Spicy Fruit, 6 Each, $3.00,$3.00 was $5.30$0.50 each,https://new.igashop.com.au/sm/pickup/rsid/52511/product/tip-top-muffins-spicy-fruit-602755,"https://cdn.metcash.media/image/upload/w_1500,h_1500,c_pad,b_auto/igashop/images/602755.jpg",IGA,NSW,2060
Tip Top Muffins Wholemeal, 6 Each, $3.00,$3.00 was $5.30$0.50 each,https://new.igashop.com.au/sm/pickup/rsid/52511/product/tip-top-muffins-wholemeal-362630,"https://cdn.metcash.media/image/upload/w_1500,h_1500,c_pad,b_auto/igashop/images/362630.jpg",IGA,NSW,2060
Tip Top Raisin Toast Bread, 520 Gram, $3.15,$3.15 was $6.30$0.61/100g,https://new.igashop.com.au/sm/pickup/rsid/52511/product/tip-top-raisin-toast-bread-664553,"https://cdn.metcash.media/image/upload/w_1500,h_1500,c_pad,b_auto/igashop/images/664553.jpg",IGA,NSW,2060
Tip Top Sunblest Soft White Toast, 650 Gram, $3.30,$3.30 was $4.50$0.51/100g,https://new.igashop.com.au/sm/pickup/rsid/52511/product/tip-top-sunblest-soft-white-toast-468648,"https://cdn.metcash.media/image/upload/w_1500,h_1500,c_pad,b_auto/igashop/images/468648.jpg",IGA,NSW,2060
Tip Top Sunblest Wholemeal Bread, 650 Gram, $3.30,$3.30 was $4.50$0.51/100g,https://new.igashop.com.au/sm/pickup/rsid/52511/product/tip-top-sunblest-wholemeal-bread-932883,"https://cdn.metcash.media/image/upload/w_1500,h_1500,c_pad,b_auto/igashop/images/932883.jpg",IGA,NSW,2060
Tip Top The One +Omega 3 DHA, 700 Gram, $3.70,$3.70 was $5.30$0.53/100g,https://new.igashop.com.au/sm/pickup/rsid/52511/product/tip-top-the-one-omega-3-dha-380992,"https://cdn.metcash.media/image/upload/w_1500,h_1500,c_pad,b_auto/igashop/images/380992.jpg",IGA,NSW,2060
Tip Top The One Wholemeal Sandwich, 700 Gram, $3.70,$3.70 was $5.30$0.53/100g,https://new.igashop.com.au/sm/pickup/rsid/52511/product/tip-top-the-one-wholemeal-sandwich-381003,"https://cdn.metcash.media/image/upload/w_1500,h_1500,c_pad,b_auto/igashop/images/381003.jpg",IGA,NSW,2060
Tom & Luke Dark Chocolate & Mint Snackballs, 132 Gram, $3.25,$3.25 was $4.00$2.46/100g,https://new.igashop.com.au/sm/pickup/rsid/52511/product/tom-&-luke-dark-chocolate-&-mint-snackballs-803115,"https://cdn.metcash.media/image/upload/w_1500,h_1500,c_pad,b_auto/igashop/images/803115.jpg",IGA,NSW,2060
Tom & Luke Original Dark Chocolate Snackballs, 132 Gram, $3.25,$3.25 was $4.00$2.46/100g,https://new.igashop.com.au/sm/pickup/rsid/52511/product/tom-&-luke-original-dark-chocolate-snackballs-803259,"https://cdn.metcash.media/image/upload/w_1500,h_1500,c_pad,b_auto/igashop/images/803259.jpg",IGA,NSW,2060
Tom & Luke Peanut Butter & Cacao, 140 Gram, $3.25,$3.25 was $4.00$2.32/100g,https://new.igashop.com.au/sm/pickup/rsid/52511/product/tom-&-luke-peanut-butter-&-cacao-590335,"https://cdn.metcash.media/image/upload/w_1500,h_1500,c_pad,b_auto/igashop/images/590335.jpg",IGA,NSW,2060
Tom & Luke Snackaballs Salted Caramel, 140 Gram, $3.25,$3.25 was $4.00$2.32/100g,https://new.igashop.com.au/sm/pickup/rsid/52511/product/tom-&-luke-snackaballs-salted-caramel-180000000475,"https://cdn.metcash.media/image/upload/w_1500,h_1500,c_pad,b_auto/igashop/images/180000000475.jpg",IGA,NSW,2060
Top 20 Variety Multipack, 20 Each, $5.75,$5.75 was $6.50$0.29 each,https://new.igashop.com.au/sm/pickup/rsid/52511/product/top-20-variety-multipack-53948,"https://cdn.metcash.media/image/upload/w_1500,h_1500,c_pad,b_auto/igashop/images/53948.jpg",IGA,NSW,2060
Tostitos Lightly Salted, 175 Gram, $2.50,$2.50 was $4.40$1.43/100g,https://new.igashop.com.au/sm/pickup/rsid/52511/product/tostitos-lightly-salted-192912,"https://cdn.metcash.media/image/upload/w_1500,h_1500,c_pad,b_auto/igashop/images/192912.jpg",IGA,NSW,2060
Tostitos Splash of Lime, 175 Gram, $2.50,$2.50 was $4.40$1.43/100g,https://new.igashop.com.au/sm/pickup/rsid/52511/product/tostitos-splash-of-lime-193112,"https://cdn.metcash.media/image/upload/w_1500,h_1500,c_pad,b_auto/igashop/images/193112.jpg",IGA,NSW,2060
Trident Coconut Cream, 400 Millilitre, $1.60,$1.60 was $2.00$0.40/100ml,https://new.igashop.com.au/sm/pickup/rsid/52511/product/trident-coconut-cream-43901,"https://cdn.metcash.media/image/upload/w_1500,h_1500,c_pad,b_auto/igashop/images/43901.jpg",IGA,NSW,2060
Trident Coconut Milk, 400 Millilitre, $1.60,$1.60 was $2.00$0.40/100ml,https://new.igashop.com.au/sm/pickup/rsid/52511/product/trident-coconut-milk-372596,"https://cdn.metcash.media/image/upload/w_1500,h_1500,c_pad,b_auto/igashop/images/372596.jpg",IGA,NSW,2060
Tru Blu Ceda Classic Creaming Soda , 1.25 Litre, $1.35,$1.35 was $1.55$1.08/l,https://new.igashop.com.au/sm/pickup/rsid/52511/product/tru-blu-ceda-classic-creaming-soda--160000013284,"https://cdn.metcash.media/image/upload/w_1500,h_1500,c_pad,b_auto/igashop/images/160000013284.jpg",IGA,NSW,2060
Tru Blu Ceda Creaming Soda , 2 Litre, $1.50,$1.50 was $2.40$0.75/l,https://new.igashop.com.au/sm/pickup/rsid/52511/product/tru-blu-ceda-creaming-soda--387067,"https://cdn.metcash.media/image/upload/w_1500,h_1500,c_pad,b_auto/igashop/images/387067.jpg",IGA,NSW,2060
Tru Blu Club Soda Water , 1.25 Litre, $1.35,$1.35 was $1.55$1.08/l,https://new.igashop.com.au/sm/pickup/rsid/52511/product/tru-blu-club-soda-water--11954,"https://cdn.metcash.media/image/upload/w_1500,h_1500,c_pad,b_auto/igashop/images/11954.jpg",IGA,NSW,2060
Tru Blu Creaming Soda, 12 Each, $10.00,$10.00 was $11.15$0.83 each,https://new.igashop.com.au/sm/pickup/rsid/52511/product/tru-blu-creaming-soda-7544,"https://cdn.metcash.media/image/upload/w_1500,h_1500,c_pad,b_auto/igashop/images/7544.jpg",IGA,NSW,2060
Tru Blu Crush Orange, 1.25 Litre, $1.35,$1.35 was $1.55$1.08/l,https://new.igashop.com.au/sm/pickup/rsid/52511/product/tru-blu-crush-orange-25987,"https://cdn.metcash.media/image/upload/w_1500,h_1500,c_pad,b_auto/igashop/images/25987.jpg",IGA,NSW,2060
Tru Blu Crush Passion , 2 Litre, $1.50,$1.50 was $2.40$0.75/l,https://new.igashop.com.au/sm/pickup/rsid/52511/product/tru-blu-crush-passion--386561,"https://cdn.metcash.media/image/upload/w_1500,h_1500,c_pad,b_auto/igashop/images/386561.jpg",IGA,NSW,2060
Tru Blu Lido Lemonade, 12 Each, $10.00,$10.00 was $11.15$0.83 each,https://new.igashop.com.au/sm/pickup/rsid/52511/product/tru-blu-lido-lemonade-7528,"https://cdn.metcash.media/image/upload/w_1500,h_1500,c_pad,b_auto/igashop/images/7528.jpg",IGA,NSW,2060
Tru Blu Lido Lemonade Bottle, 1.25 Litre, $1.35,$1.35 was $1.55$1.08/l,https://new.igashop.com.au/sm/pickup/rsid/52511/product/tru-blu-lido-lemonade-bottle-27662,"https://cdn.metcash.media/image/upload/w_1500,h_1500,c_pad,b_auto/igashop/images/27662.jpg",IGA,NSW,2060
Tru Blu Lido Lemonade Bottle, 2 Litre, $1.50,$1.50 was $2.40$0.75/l,https://new.igashop.com.au/sm/pickup/rsid/52511/product/tru-blu-lido-lemonade-bottle-386545,"https://cdn.metcash.media/image/upload/w_1500,h_1500,c_pad,b_auto/igashop/images/386545.jpg",IGA,NSW,2060
Tru Blu Lime Crush Bottle, 2 Litre, $1.50,$1.50 was $2.40$0.75/l,https://new.igashop.com.au/sm/pickup/rsid/52511/product/tru-blu-lime-crush-bottle-387012,"https://cdn.metcash.media/image/upload/w_1500,h_1500,c_pad,b_auto/igashop/images/387012.jpg",IGA,NSW,2060
Tru Blu Orange Crush, 12 Each, $10.00,$10.00 was $11.15$0.83 each,https://new.igashop.com.au/sm/pickup/rsid/52511/product/tru-blu-orange-crush-7510,"https://cdn.metcash.media/image/upload/w_1500,h_1500,c_pad,b_auto/igashop/images/7510.jpg",IGA,NSW,2060
Tru Blu Pub Squash, 1.25 Litre, $1.35,$1.35 was $1.55$1.08/l,https://new.igashop.com.au/sm/pickup/rsid/52511/product/tru-blu-pub-squash-23391,"https://cdn.metcash.media/image/upload/w_1500,h_1500,c_pad,b_auto/igashop/images/23391.jpg",IGA,NSW,2060
Tru Blu Pub Squash, 2 Litre, $1.50,$1.50 was $2.40$0.75/l,https://new.igashop.com.au/sm/pickup/rsid/52511/product/tru-blu-pub-squash-386537,"https://cdn.metcash.media/image/upload/w_1500,h_1500,c_pad,b_auto/igashop/images/386537.jpg",IGA,NSW,2060
