product,deal,price,span,url,img,store,state,postcode
SunRice White Long Grain Rice Pouch, 250 Gram, $2.50,$2.50 was $3.00$1.00/100g,https://new.igashop.com.au/sm/pickup/rsid/52511/product/sunrice-white-long-grain-rice-pouch-441395,"https://cdn.metcash.media/image/upload/w_1500,h_1500,c_pad,b_auto/igashop/images/441395.jpg",IGA,NSW,2060
Suntory Boss Coffee Iced Vanilla Latte, 237 Millilitre, $2.75,$2.75 was $3.75$1.16/100ml,https://new.igashop.com.au/sm/pickup/rsid/52511/product/suntory-boss-coffee-iced-vanilla-latte-984241,"https://cdn.metcash.media/image/upload/w_1500,h_1500,c_pad,b_auto/igashop/images/984241.jpg",IGA,NSW,2060
Super Nature Super Foods Sweet Potato Cottage Pie, 350 Gram, $5.00,$5.00 was $6.30$1.43/100g,https://new.igashop.com.au/sm/pickup/rsid/52511/product/super-nature-super-foods-sweet-potato-cottage-pie-668853,"https://cdn.metcash.media/image/upload/w_1500,h_1500,c_pad,b_auto/igashop/images/668853.jpg",IGA,NSW,2060
Super Nature Super Green Sri Lankan Bowl, 350 Gram, $5.00,$5.00 was $6.30$1.43/100g,https://new.igashop.com.au/sm/pickup/rsid/52511/product/super-nature-super-green-sri-lankan-bowl-491688,"https://cdn.metcash.media/image/upload/w_1500,h_1500,c_pad,b_auto/igashop/images/491688.jpg",IGA,NSW,2060
Super Nature Super Lunch Frozen Meal Pad Thai Chicken, 350 Gram, $5.00,$5.00 was $6.30$1.43/100g,https://new.igashop.com.au/sm/pickup/rsid/52511/product/super-nature-super-lunch-frozen-meal-pad-thai-chicken-668900,"https://cdn.metcash.media/image/upload/w_1500,h_1500,c_pad,b_auto/igashop/images/668900.jpg",IGA,NSW,2060
Super Nature Wellness Bowl Green Chickpea Curry With Quinoa & Brown Rice, 350 Gram, $5.00,$5.00 was $6.30$1.43/100g,https://new.igashop.com.au/sm/pickup/rsid/52511/product/super-nature-wellness-bowl-green-chickpea-curry-with-quinoa-&-brown-rice-887949,"https://cdn.metcash.media/image/upload/w_1500,h_1500,c_pad,b_auto/igashop/images/887949.jpg",IGA,NSW,2060
Super Nature Wellness Bowl Satay Chicken & Quinoa, Chickpea & Wild Rice, 350 Gram,$5.00 was $6.30$1.43/100g,https://new.igashop.com.au/sm/pickup/rsid/52511/product/super-nature-wellness-bowl-satay-chicken-&-quinoa-chickpea-&-wild-rice-887818,"https://cdn.metcash.media/image/upload/w_1500,h_1500,c_pad,b_auto/igashop/images/887818.jpg",IGA,NSW,2060
Super Nature Wellness Bowl Wholegrain Butter Chicken & Ancient Grain, 350 Gram, $5.00,$5.00 was $6.30$1.43/100g,https://new.igashop.com.au/sm/pickup/rsid/52511/product/super-nature-wellness-bowl-wholegrain-butter-chicken-&-ancient-grain-887910,"https://cdn.metcash.media/image/upload/w_1500,h_1500,c_pad,b_auto/igashop/images/887910.jpg",IGA,NSW,2060
Talon Rat & Mouse Baits Killer 6 Pellet Trays, 150 Gram, $5.60,$5.60 was $8.00$3.73/100g,https://new.igashop.com.au/sm/pickup/rsid/52511/product/talon-rat-&-mouse-baits-killer-6-pellet-trays-65327,"https://cdn.metcash.media/image/upload/w_1500,h_1500,c_pad,b_auto/igashop/images/65327.jpg",IGA,NSW,2060
Talon Wax Block, 72 Gram, $4.55,$4.55 was $6.50$6.32/100g,https://new.igashop.com.au/sm/pickup/rsid/52511/product/talon-wax-block-365337,"https://cdn.metcash.media/image/upload/w_1500,h_1500,c_pad,b_auto/igashop/images/365337.jpg",IGA,NSW,2060
Tasmanian Heritage Camembert Cheese, 125 Gram, $4.00,$4.00 was $6.00$3.20/100g,https://new.igashop.com.au/sm/pickup/rsid/52511/product/tasmanian-heritage-camembert-cheese-118125,"https://cdn.metcash.media/image/upload/w_1500,h_1500,c_pad,b_auto/igashop/images/118125.jpg",IGA,NSW,2060
Tasmanian Heritage Triple Cream Brie, 125 Gram, $4.00,$4.00 was $6.00$3.20/100g,https://new.igashop.com.au/sm/pickup/rsid/52511/product/tasmanian-heritage-triple-cream-brie-993614,"https://cdn.metcash.media/image/upload/w_1500,h_1500,c_pad,b_auto/igashop/images/993614.jpg",IGA,NSW,2060
TENA Liners Ultimate Coverage Ultra Long Liner, 22 Each, $3.80,$3.80 was $5.00$0.17 each,https://new.igashop.com.au/sm/pickup/rsid/52511/product/tena-liners-ultimate-coverage-ultra-long-liner-687072,"https://cdn.metcash.media/image/upload/w_1500,h_1500,c_pad,b_auto/igashop/images/687072.jpg",IGA,NSW,2060
Tetley Extra Strong Tea Bags, 50 Each, $2.73,$2.73 was $3.40$0.05 each,https://new.igashop.com.au/sm/pickup/rsid/52511/product/tetley-extra-strong-tea-bags-190000002986,"https://cdn.metcash.media/image/upload/w_1500,h_1500,c_pad,b_auto/igashop/images/190000002986.jpg",IGA,NSW,2060
The Bar Counter Bar High Protein Chocolate Mint, 40 Gram, $2.83,$2.83 was $3.00$7.08/100g,https://new.igashop.com.au/sm/pickup/rsid/52511/product/the-bar-counter-bar-high-protein-chocolate-mint-703831,"https://cdn.metcash.media/image/upload/w_1500,h_1500,c_pad,b_auto/igashop/images/703831.jpg",IGA,NSW,2060
The Bar Counter No Added Sugar Bar Chocolate & Hazelnut, 40 Gram, $2.83,$2.83 was $3.00$7.08/100g,https://new.igashop.com.au/sm/pickup/rsid/52511/product/the-bar-counter-no-added-sugar-bar-chocolate-&-hazelnut-321634,"https://cdn.metcash.media/image/upload/w_1500,h_1500,c_pad,b_auto/igashop/images/321634.jpg",IGA,NSW,2060
The Bar Counter Plant Protein Dark Choc Coconut, 40 Gram, $2.83,$2.83 was $3.00$7.08/100g,https://new.igashop.com.au/sm/pickup/rsid/52511/product/the-bar-counter-plant-protein-dark-choc-coconut-703768,"https://cdn.metcash.media/image/upload/w_1500,h_1500,c_pad,b_auto/igashop/images/703768.jpg",IGA,NSW,2060
The Juice Farm Lemonade Juice, 500 Millilitre, $2.61,$2.61 was $2.75$0.52/100ml,https://new.igashop.com.au/sm/pickup/rsid/52511/product/the-juice-farm-lemonade-juice-190000000887,"https://cdn.metcash.media/image/upload/w_1500,h_1500,c_pad,b_auto/igashop/images/190000000887.jpg",IGA,NSW,2060
The Juice Farm Orange Juice, 500 Millilitre, $2.61,$2.61 was $2.75$0.52/100ml,https://new.igashop.com.au/sm/pickup/rsid/52511/product/the-juice-farm-orange-juice-155046,"https://cdn.metcash.media/image/upload/w_1500,h_1500,c_pad,b_auto/igashop/images/155046.jpg",IGA,NSW,2060
The Market Grocer Almonds Raw, 175 Gram, $5.29,$5.29 was $6.09$3.02/100g,https://new.igashop.com.au/sm/pickup/rsid/52511/product/the-market-grocer-almonds-raw-2289,"https://cdn.metcash.media/image/upload/w_1500,h_1500,c_pad,b_auto/igashop/images/2289.jpg",IGA,NSW,2060
The Market Grocer Apricot Delight, 500 Gram, $7.39,$7.39 was $8.59$1.48/100g,https://new.igashop.com.au/sm/pickup/rsid/52511/product/the-market-grocer-apricot-delight-160000013425,"https://cdn.metcash.media/image/upload/w_1500,h_1500,c_pad,b_auto/igashop/images/160000013425.jpg",IGA,NSW,2060
The Market Grocer Australian Dried Sultanas, 400 Gram, $4.99,$4.99 was $5.69$1.25/100g,https://new.igashop.com.au/sm/pickup/rsid/52511/product/the-market-grocer-australian-dried-sultanas-4733,"https://cdn.metcash.media/image/upload/w_1500,h_1500,c_pad,b_auto/igashop/images/4733.jpg",IGA,NSW,2060
The Market Grocer BBQ Kir Kir, 375 Gram, $4.19,$4.19 was $4.79$1.12/100g,https://new.igashop.com.au/sm/pickup/rsid/52511/product/the-market-grocer-bbq-kir-kir-2815,"https://cdn.metcash.media/image/upload/w_1500,h_1500,c_pad,b_auto/igashop/images/2815.jpg",IGA,NSW,2060
The Market Grocer Brazil Nuts, 250 Gram, $6.89,$6.89 was $9.69$2.76/100g,https://new.igashop.com.au/sm/pickup/rsid/52511/product/the-market-grocer-brazil-nuts-160000013424,"https://cdn.metcash.media/image/upload/w_1500,h_1500,c_pad,b_auto/igashop/images/160000013424.jpg",IGA,NSW,2060
The Market Grocer Cashew & Macadamia Mix Roasted & Salted, 400 Gram, $14.99,$14.99 was $17.49$3.75/100g,https://new.igashop.com.au/sm/pickup/rsid/52511/product/the-market-grocer-cashew-&-macadamia-mix-roasted-&-salted-2310,"https://cdn.metcash.media/image/upload/w_1500,h_1500,c_pad,b_auto/igashop/images/2310.jpg",IGA,NSW,2060
The Market Grocer Chilli Kir Kir, 375 Gram, $4.19,$4.19 was $4.79$1.12/100g,https://new.igashop.com.au/sm/pickup/rsid/52511/product/the-market-grocer-chilli-kir-kir-2816,"https://cdn.metcash.media/image/upload/w_1500,h_1500,c_pad,b_auto/igashop/images/2816.jpg",IGA,NSW,2060
The Market Grocer Cranberry Fruit and Nut Mix, 500 Gram, $7.69,$7.69 was $8.89$1.54/100g,https://new.igashop.com.au/sm/pickup/rsid/52511/product/the-market-grocer-cranberry-fruit-and-nut-mix-20000005459,"https://cdn.metcash.media/image/upload/w_1500,h_1500,c_pad,b_auto/igashop/images/20000005459.jpg",IGA,NSW,2060
The Market Grocer Dates Lyna Large, 400 Gram, $3.99,$3.99 was $5.39$1.00/100g,https://new.igashop.com.au/sm/pickup/rsid/52511/product/the-market-grocer-dates-lyna-large-20000006175,"https://cdn.metcash.media/image/upload/w_1500,h_1500,c_pad,b_auto/igashop/images/20000006175.jpg",IGA,NSW,2060
The Market Grocer Dried Mango Slices, 250 Gram, $4.69,$4.69 was $5.39$1.88/100g,https://new.igashop.com.au/sm/pickup/rsid/52511/product/the-market-grocer-dried-mango-slices-4730,"https://cdn.metcash.media/image/upload/w_1500,h_1500,c_pad,b_auto/igashop/images/4730.jpg",IGA,NSW,2060
The Market Grocer Dried Prunes , 500 Gram, $8.79,$8.79 was $10.09$1.76/100g,https://new.igashop.com.au/sm/pickup/rsid/52511/product/the-market-grocer-dried-prunes--160000013431,"https://cdn.metcash.media/image/upload/w_1500,h_1500,c_pad,b_auto/igashop/images/160000013431.jpg",IGA,NSW,2060
