product,deal,price,span,url,img,store,state,postcode
Allen's White Chocolate Coat Raspberry, 120 Gram, $3.50,$3.50 was $4.50$2.92/100g,https://new.igashop.com.au/sm/pickup/rsid/52511/product/allens-white-chocolate-coat-raspberry-150813,"https://cdn.metcash.media/image/upload/w_1500,h_1500,c_pad,b_auto/igashop/images/150813.jpg",IGA,NSW,2060
Allen's XXX Mints, 150 Gram, $2.50,$2.50 was $3.60$1.67/100g,https://new.igashop.com.au/sm/pickup/rsid/52511/product/allens-xxx-mints-441361,"https://cdn.metcash.media/image/upload/w_1500,h_1500,c_pad,b_auto/igashop/images/441361.jpg",IGA,NSW,2060
Always Fresh Grissini Crispbread Rosemary & Sea Salt, 125 Gram, $4.22,$4.22 was $4.50$3.38/100g,https://new.igashop.com.au/sm/pickup/rsid/52511/product/always-fresh-grissini-crispbread-rosemary-&-sea-salt-452980,"https://cdn.metcash.media/image/upload/w_1500,h_1500,c_pad,b_auto/igashop/images/452980.jpg",IGA,NSW,2060
Always Fresh Grissini Crispbread Sesame And Sea Salt, 125 Gram, $4.22,$4.22 was $4.50$3.38/100g,https://new.igashop.com.au/sm/pickup/rsid/52511/product/always-fresh-grissini-crispbread-sesame-and-sea-salt-452956,"https://cdn.metcash.media/image/upload/w_1500,h_1500,c_pad,b_auto/igashop/images/452956.jpg",IGA,NSW,2060
Always Fresh Grissini Crispbread Three Seed And Sea Salt, 125 Gram, $4.22,$4.22 was $4.50$3.38/100g,https://new.igashop.com.au/sm/pickup/rsid/52511/product/always-fresh-grissini-crispbread-three-seed-and-sea-salt-74813,"https://cdn.metcash.media/image/upload/w_1500,h_1500,c_pad,b_auto/igashop/images/74813.jpg",IGA,NSW,2060
Always Fresh Kalamata Olives Pitted, 220 Gram, $4.00,$4.00 was $5.80$1.82/100g,https://new.igashop.com.au/sm/pickup/rsid/52511/product/always-fresh-kalamata-olives-pitted-641819,"https://cdn.metcash.media/image/upload/w_1500,h_1500,c_pad,b_auto/igashop/images/641819.jpg",IGA,NSW,2060
Always Fresh Kalamata Olives Sliced, 220 Gram, $4.00,$4.00 was $5.80$1.82/100g,https://new.igashop.com.au/sm/pickup/rsid/52511/product/always-fresh-kalamata-olives-sliced-641788,"https://cdn.metcash.media/image/upload/w_1500,h_1500,c_pad,b_auto/igashop/images/641788.jpg",IGA,NSW,2060
Always Fresh Kalamata Olives Wedges, 220 Gram, $4.00,$4.00 was $5.80$1.82/100g,https://new.igashop.com.au/sm/pickup/rsid/52511/product/always-fresh-kalamata-olives-wedges-637399,"https://cdn.metcash.media/image/upload/w_1500,h_1500,c_pad,b_auto/igashop/images/637399.jpg",IGA,NSW,2060
Always Fresh Sundried Tomato Strips, 480 Gram, $7.45,$7.45 was $8.00$1.55/100g,https://new.igashop.com.au/sm/pickup/rsid/52511/product/always-fresh-sundried-tomato-strips-642108,"https://cdn.metcash.media/image/upload/w_1500,h_1500,c_pad,b_auto/igashop/images/642108.jpg",IGA,NSW,2060
Angas Park Apricots, 200 Gram, $6.50,$6.50 was $8.00$3.25/100g,https://new.igashop.com.au/sm/pickup/rsid/52511/product/angas-park-apricots-23008,"https://cdn.metcash.media/image/upload/w_1500,h_1500,c_pad,b_auto/igashop/images/23008.jpg",IGA,NSW,2060
Anna's Ginger Thins, 150 Gram, $2.95,$2.95 was $4.85$1.97/100g,https://new.igashop.com.au/sm/pickup/rsid/52511/product/annas-ginger-thins-20000005776,"https://cdn.metcash.media/image/upload/w_1500,h_1500,c_pad,b_auto/igashop/images/20000005776.jpg",IGA,NSW,2060
Annabel Karmel Macaroni & Cheese, 200 Gram, $3.30,$3.30 was $3.50$1.65/100g,https://new.igashop.com.au/sm/pickup/rsid/52511/product/annabel-karmel-macaroni-&-cheese-749780,"https://cdn.metcash.media/image/upload/w_1500,h_1500,c_pad,b_auto/igashop/images/749780.jpg",IGA,NSW,2060
Annabel Karmel Spaghetti & Meatballs, 200 Gram, $3.30,$3.30 was $3.50$1.65/100g,https://new.igashop.com.au/sm/pickup/rsid/52511/product/annabel-karmel-spaghetti-&-meatballs-957074,"https://cdn.metcash.media/image/upload/w_1500,h_1500,c_pad,b_auto/igashop/images/957074.jpg",IGA,NSW,2060
Ardmona Rich & Thick Basil & Garlic Tomatoes, 410 Gram, $1.75,$1.75 was $2.20$0.43/100g,https://new.igashop.com.au/sm/pickup/rsid/52511/product/ardmona-rich-&-thick-basil-&-garlic-tomatoes-415043,"https://cdn.metcash.media/image/upload/w_1500,h_1500,c_pad,b_auto/igashop/images/415043.jpg",IGA,NSW,2060
Ardmona Rich & Thick Diced Tomato with Paste Mixed Herbs, 410 Gram, $1.75,$1.75 was $2.20$0.43/100g,https://new.igashop.com.au/sm/pickup/rsid/52511/product/ardmona-rich-&-thick-diced-tomato-with-paste-mixed-herbs-431439,"https://cdn.metcash.media/image/upload/w_1500,h_1500,c_pad,b_auto/igashop/images/431439.jpg",IGA,NSW,2060
Ardmona Rich & Thick Diced Tomatoes with Paste Chilli, 410 Gram, $1.75,$1.75 was $2.20$0.43/100g,https://new.igashop.com.au/sm/pickup/rsid/52511/product/ardmona-rich-&-thick-diced-tomatoes-with-paste-chilli-4237,"https://cdn.metcash.media/image/upload/w_1500,h_1500,c_pad,b_auto/igashop/images/4237.jpg",IGA,NSW,2060
Ardmona Rich & Thick Diced Tomatoes with Paste Classic, 410 Gram, $1.75,$1.75 was $2.20$0.43/100g,https://new.igashop.com.au/sm/pickup/rsid/52511/product/ardmona-rich-&-thick-diced-tomatoes-with-paste-classic-415069,"https://cdn.metcash.media/image/upload/w_1500,h_1500,c_pad,b_auto/igashop/images/415069.jpg",IGA,NSW,2060
Armor All Car Care Car Wash, 1 Litre, $8.10,$8.10 was $9.00$8.10/l,https://new.igashop.com.au/sm/pickup/rsid/52511/product/armor-all-car-care-car-wash-267335,"https://cdn.metcash.media/image/upload/w_1500,h_1500,c_pad,b_auto/igashop/images/267335.jpg",IGA,NSW,2060
Armor All Sponge Large, 1 Each, $4.50,$4.50 was $5.00,https://new.igashop.com.au/sm/pickup/rsid/52511/product/armor-all-sponge-large-700171,"https://cdn.metcash.media/image/upload/w_1500,h_1500,c_pad,b_auto/igashop/images/700171.jpg",IGA,NSW,2060
Arnott's Assorted Cream Biscuits, 500 Gram, $5.80,$5.80 was $6.00$1.16/100g,https://new.igashop.com.au/sm/pickup/rsid/52511/product/arnotts-assorted-cream-biscuits-308872,"https://cdn.metcash.media/image/upload/w_1500,h_1500,c_pad,b_auto/igashop/images/308872.jpg",IGA,NSW,2060
Arnott's Jatz Clix Crackers, 250 Gram, $2.50,$2.50 was $3.50$1.00/100g,https://new.igashop.com.au/sm/pickup/rsid/52511/product/arnotts-jatz-clix-crackers-479380,"https://cdn.metcash.media/image/upload/w_1500,h_1500,c_pad,b_auto/igashop/images/479380.jpg",IGA,NSW,2060
Arnott's Jatz Cracked Pepper, 225 Gram, $2.50,$2.50 was $3.50$1.11/100g,https://new.igashop.com.au/sm/pickup/rsid/52511/product/arnotts-jatz-cracked-pepper-304996,"https://cdn.metcash.media/image/upload/w_1500,h_1500,c_pad,b_auto/igashop/images/304996.jpg",IGA,NSW,2060
Arnott's Jatz Crackers Rosemary & Sea Salt, 225 Gram, $2.50,$2.50 was $3.50$1.11/100g,https://new.igashop.com.au/sm/pickup/rsid/52511/product/arnotts-jatz-crackers-rosemary-&-sea-salt-170000000477,"https://cdn.metcash.media/image/upload/w_1500,h_1500,c_pad,b_auto/igashop/images/170000000477.jpg",IGA,NSW,2060
Arnott's Savoy Crackers Rosemary & Sea Salt, 225 Gram, $2.50,$2.50 was $3.50$1.11/100g,https://new.igashop.com.au/sm/pickup/rsid/52511/product/arnotts-savoy-crackers-rosemary-&-sea-salt-170000000478,"https://cdn.metcash.media/image/upload/w_1500,h_1500,c_pad,b_auto/igashop/images/170000000478.jpg",IGA,NSW,2060
Arnott's Savoy Original, 225 Gram, $2.50,$2.50 was $3.50$1.11/100g,https://new.igashop.com.au/sm/pickup/rsid/52511/product/arnotts-savoy-original-305007,"https://cdn.metcash.media/image/upload/w_1500,h_1500,c_pad,b_auto/igashop/images/305007.jpg",IGA,NSW,2060
Arnott's Scotch Finger, 250 Gram, $3.00,$3.00 was $3.30$1.20/100g,https://new.igashop.com.au/sm/pickup/rsid/52511/product/arnotts-scotch-finger-309098,"https://cdn.metcash.media/image/upload/w_1500,h_1500,c_pad,b_auto/igashop/images/309098.jpg",IGA,NSW,2060
Arnott's Tim Tam Chewy Caramel, 175 Gram, $2.00,$2.00 was $4.00$1.14/100g,https://new.igashop.com.au/sm/pickup/rsid/52511/product/arnotts-tim-tam-chewy-caramel-1331,"https://cdn.metcash.media/image/upload/w_1500,h_1500,c_pad,b_auto/igashop/images/1331.jpg",IGA,NSW,2060
Arnott's Tim Tam Chocolate Biscuits Double Coat, 200 Gram, $2.00,$2.00 was $4.00$1.00/100g,https://new.igashop.com.au/sm/pickup/rsid/52511/product/arnotts-tim-tam-chocolate-biscuits-double-coat-406816,"https://cdn.metcash.media/image/upload/w_1500,h_1500,c_pad,b_auto/igashop/images/406816.jpg",IGA,NSW,2060
Arnott's Tim Tam Chocolate Original, 200 Gram, $2.00,$2.00 was $4.00$1.00/100g,https://new.igashop.com.au/sm/pickup/rsid/52511/product/arnotts-tim-tam-chocolate-original-308953,"https://cdn.metcash.media/image/upload/w_1500,h_1500,c_pad,b_auto/igashop/images/308953.jpg",IGA,NSW,2060
Arnott's Tim Tam Classic Dark, 200 Gram, $2.00,$2.00 was $4.00$1.00/100g,https://new.igashop.com.au/sm/pickup/rsid/52511/product/arnotts-tim-tam-classic-dark-309307,"https://cdn.metcash.media/image/upload/w_1500,h_1500,c_pad,b_auto/igashop/images/309307.jpg",IGA,NSW,2060
