product,deal,price,span,url,img,store,state,postcode
Sharwood's Simmer Sauce Rogan Josh, 420 Gram, $3.00,$3.00 was $4.00$0.71/100g,https://new.igashop.com.au/sm/pickup/rsid/52511/product/sharwoods-simmer-sauce-rogan-josh-422121,"https://cdn.metcash.media/image/upload/w_1500,h_1500,c_pad,b_auto/igashop/images/422121.jpg",IGA,NSW,2060
Sharwood's Simmer Sauce Tikka Masala, 420 Gram, $3.00,$3.00 was $4.00$0.71/100g,https://new.igashop.com.au/sm/pickup/rsid/52511/product/sharwoods-simmer-sauce-tikka-masala-190000002245,"https://cdn.metcash.media/image/upload/w_1500,h_1500,c_pad,b_auto/igashop/images/190000002245.jpg",IGA,NSW,2060
Sharwood's Simmer Sauce Tikka Masala, 420 Gram, $3.00,$3.00 was $4.00$0.71/100g,https://new.igashop.com.au/sm/pickup/rsid/52511/product/sharwoods-simmer-sauce-tikka-masala-762,"https://cdn.metcash.media/image/upload/w_1500,h_1500,c_pad,b_auto/igashop/images/762.jpg",IGA,NSW,2060
Silverbeet, 1 Each, $5.00,$5.00 was $9.00,https://new.igashop.com.au/sm/pickup/rsid/52511/product/silverbeet-80050067,"https://cdn.metcash.media/image/upload/w_1500,h_1500,c_pad,b_auto/igashop/images/80050067.jpg",IGA,NSW,2060
Sistema Bento Box To Go, 1 Each, $11.20,$11.20 was $16.00,https://new.igashop.com.au/sm/pickup/rsid/52511/product/sistema-bento-box-to-go-677624,"https://cdn.metcash.media/image/upload/w_1500,h_1500,c_pad,b_auto/igashop/images/677624.jpg",IGA,NSW,2060
Sistema Bottle Gripper To Go, 800 Millilitre, $10.47,$10.47 was $11.50$1.31/100ml,https://new.igashop.com.au/sm/pickup/rsid/52511/product/sistema-bottle-gripper-to-go-190000001617,"https://cdn.metcash.media/image/upload/w_1500,h_1500,c_pad,b_auto/igashop/images/190000001617.jpg",IGA,NSW,2060
Sistema Lunch Cool To Go Maxi, 1 Each, $7.70,$7.70 was $10.50,https://new.igashop.com.au/sm/pickup/rsid/52511/product/sistema-lunch-cool-to-go-maxi-221724,"https://cdn.metcash.media/image/upload/w_1500,h_1500,c_pad,b_auto/igashop/images/221724.jpg",IGA,NSW,2060
Sistema To Go Portion Pod, 2 Each, $5.20,$5.20 was $7.50$2.60 each,https://new.igashop.com.au/sm/pickup/rsid/52511/product/sistema-to-go-portion-pod-631762,"https://cdn.metcash.media/image/upload/w_1500,h_1500,c_pad,b_auto/igashop/images/631762.jpg",IGA,NSW,2060
Sistema To Go Sandwich Box, 1 Each, $3.80,$3.80 was $5.50,https://new.igashop.com.au/sm/pickup/rsid/52511/product/sistema-to-go-sandwich-box-221839,"https://cdn.metcash.media/image/upload/w_1500,h_1500,c_pad,b_auto/igashop/images/221839.jpg",IGA,NSW,2060
Sistema Tritan Active Water Bottle, 1 Each, $11.38,$11.38 was $12.50,https://new.igashop.com.au/sm/pickup/rsid/52511/product/sistema-tritan-active-water-bottle-853136,"https://cdn.metcash.media/image/upload/w_1500,h_1500,c_pad,b_auto/igashop/images/853136.jpg",IGA,NSW,2060
Skittles Fruits Lollies Large Bag, 200 Gram, $3.50,$3.50 was $4.50$1.75/100g,https://new.igashop.com.au/sm/pickup/rsid/52511/product/skittles-fruits-lollies-large-bag-43281,"https://cdn.metcash.media/image/upload/w_1500,h_1500,c_pad,b_auto/igashop/images/43281.jpg",IGA,NSW,2060
Skittles Smoothies , 190 Gram, $3.50,$3.50 was $4.50$1.84/100g,https://new.igashop.com.au/sm/pickup/rsid/52511/product/skittles-smoothies--913038,"https://cdn.metcash.media/image/upload/w_1500,h_1500,c_pad,b_auto/igashop/images/913038.jpg",IGA,NSW,2060
Skittles Sours Lollies Large Bag, 190 Gram, $3.50,$3.50 was $4.50$1.84/100g,https://new.igashop.com.au/sm/pickup/rsid/52511/product/skittles-sours-lollies-large-bag-43299,"https://cdn.metcash.media/image/upload/w_1500,h_1500,c_pad,b_auto/igashop/images/43299.jpg",IGA,NSW,2060
Smith's Crinkle Cut Cheese & Onion Potato Chips, 170 Gram, $3.00,$3.00 was $3.75$1.76/100g,https://new.igashop.com.au/sm/pickup/rsid/52511/product/smiths-crinkle-cut-cheese-&-onion-potato-chips-299162,"https://cdn.metcash.media/image/upload/w_1500,h_1500,c_pad,b_auto/igashop/images/299162.jpg",IGA,NSW,2060
Smith's Crinkle Cut Chicken Potato Chips, 170 Gram, $3.00,$3.00 was $3.75$1.76/100g,https://new.igashop.com.au/sm/pickup/rsid/52511/product/smiths-crinkle-cut-chicken-potato-chips-299081,"https://cdn.metcash.media/image/upload/w_1500,h_1500,c_pad,b_auto/igashop/images/299081.jpg",IGA,NSW,2060
Smith's Crinkle Cut Potato Chips Barbecue, 170 Gram, $3.00,$3.00 was $3.75$1.76/100g,https://new.igashop.com.au/sm/pickup/rsid/52511/product/smiths-crinkle-cut-potato-chips-barbecue-299138,"https://cdn.metcash.media/image/upload/w_1500,h_1500,c_pad,b_auto/igashop/images/299138.jpg",IGA,NSW,2060
Smith's Crinkle Cut Potato Chips Salt & Vinegar, 170 Gram, $3.00,$3.00 was $3.75$1.76/100g,https://new.igashop.com.au/sm/pickup/rsid/52511/product/smiths-crinkle-cut-potato-chips-salt-&-vinegar-299073,"https://cdn.metcash.media/image/upload/w_1500,h_1500,c_pad,b_auto/igashop/images/299073.jpg",IGA,NSW,2060
Smith's Crispy Bacon Crinkle Cut Potato Chips 150g, 150 Gram, $3.00,$3.00 was $3.75$2.00/100g,https://new.igashop.com.au/sm/pickup/rsid/52511/product/smiths-crispy-bacon-crinkle-cut-potato-chips-150g-200579,"https://cdn.metcash.media/image/upload/w_1500,h_1500,c_pad,b_auto/igashop/images/200579.jpg",IGA,NSW,2060
Smith's Original Crinkle Cut Potato Chips, 170 Gram, $3.00,$3.00 was $3.75$1.76/100g,https://new.igashop.com.au/sm/pickup/rsid/52511/product/smiths-original-crinkle-cut-potato-chips-298946,"https://cdn.metcash.media/image/upload/w_1500,h_1500,c_pad,b_auto/igashop/images/298946.jpg",IGA,NSW,2060
Smith's Oven Baked Sea Salt, 130 Gram, $3.00,$3.00 was $3.75$2.31/100g,https://new.igashop.com.au/sm/pickup/rsid/52511/product/smiths-oven-baked-sea-salt-902228,"https://cdn.metcash.media/image/upload/w_1500,h_1500,c_pad,b_auto/igashop/images/902228.jpg",IGA,NSW,2060
Smith's Oven Baked Sour Cream & Chives, 130 Gram, $3.00,$3.00 was $3.75$2.31/100g,https://new.igashop.com.au/sm/pickup/rsid/52511/product/smiths-oven-baked-sour-cream-&-chives-902236,"https://cdn.metcash.media/image/upload/w_1500,h_1500,c_pad,b_auto/igashop/images/902236.jpg",IGA,NSW,2060
Smith's Poppables Cheddar Cheese, 90 Gram, $3.00,$3.00 was $3.75$3.33/100g,https://new.igashop.com.au/sm/pickup/rsid/52511/product/smiths-poppables-cheddar-cheese-778153,"https://cdn.metcash.media/image/upload/w_1500,h_1500,c_pad,b_auto/igashop/images/778153.jpg",IGA,NSW,2060
Smith's Poppables Sweet Chilli & Sour Cream, 90 Gram, $3.00,$3.00 was $3.75$3.33/100g,https://new.igashop.com.au/sm/pickup/rsid/52511/product/smiths-poppables-sweet-chilli-&-sour-cream-778218,"https://cdn.metcash.media/image/upload/w_1500,h_1500,c_pad,b_auto/igashop/images/778218.jpg",IGA,NSW,2060
Snappy Tom Fisherman's Basket , 400 Gram, $1.50,$1.50 was $1.90$0.38/100g,https://new.igashop.com.au/sm/pickup/rsid/52511/product/snappy-tom-fishermans-basket--607925,"https://cdn.metcash.media/image/upload/w_1500,h_1500,c_pad,b_auto/igashop/images/607925.jpg",IGA,NSW,2060
Snappy Tom Sardines With Chicken , 400 Gram, $1.50,$1.50 was $1.90$0.38/100g,https://new.igashop.com.au/sm/pickup/rsid/52511/product/snappy-tom-sardines-with-chicken--95089,"https://cdn.metcash.media/image/upload/w_1500,h_1500,c_pad,b_auto/igashop/images/95089.jpg",IGA,NSW,2060
Snappy Tom Seafood Platter , 400 Gram, $1.50,$1.50 was $1.90$0.38/100g,https://new.igashop.com.au/sm/pickup/rsid/52511/product/snappy-tom-seafood-platter--73671,"https://cdn.metcash.media/image/upload/w_1500,h_1500,c_pad,b_auto/igashop/images/73671.jpg",IGA,NSW,2060
Snappy Tom Whole Fish , 400 Gram, $1.50,$1.50 was $1.90$0.38/100g,https://new.igashop.com.au/sm/pickup/rsid/52511/product/snappy-tom-whole-fish--380353,"https://cdn.metcash.media/image/upload/w_1500,h_1500,c_pad,b_auto/igashop/images/380353.jpg",IGA,NSW,2060
Snickers Chocolate Bar, 50 Gram, $0.90,$0.90 was $2.00$1.80/100g,https://new.igashop.com.au/sm/pickup/rsid/52511/product/snickers-chocolate-bar-160000003279,"https://cdn.metcash.media/image/upload/w_1500,h_1500,c_pad,b_auto/igashop/images/160000003279.jpg",IGA,NSW,2060
Snickers Chocolate Bar, 50 Gram, $0.90,$0.90 was $2.00$1.80/100g,https://new.igashop.com.au/sm/pickup/rsid/52511/product/snickers-chocolate-bar-55267,"https://cdn.metcash.media/image/upload/w_1500,h_1500,c_pad,b_auto/igashop/images/55267.jpg",IGA,NSW,2060
Snickers White Chocolate Bar, 40 Gram, $0.90,$0.90 was $2.00$2.25/100g,https://new.igashop.com.au/sm/pickup/rsid/52511/product/snickers-white-chocolate-bar-160000014043,"https://cdn.metcash.media/image/upload/w_1500,h_1500,c_pad,b_auto/igashop/images/160000014043.jpg",IGA,NSW,2060
